%% This BibTeX bibliography file was created using BibDesk.
%% https://bibdesk.sourceforge.io/

%% Created for David Elkind at 2024-10-15 14:09:48 -0400 


%% Saved with string encoding Unicode (UTF-8) 



@article{armon-2022,
	author = {Ravid Shwartz-Ziv and Amitai Armon},
	date-added = {2024-10-10 14:51:37 -0400},
	date-modified = {2024-10-15 14:09:47 -0400},
	journal = {Information Fusion},
	pages = {84-90},
	title = {Tabular data: Deep learning is not all you need.},
	volume = {81},
	year = {2022}}

@inproceedings{lv-2020,
	address = {Liuzhou, China},
	author = {Sicai Lv and Yang Liu and Zhiyao Liu and Wang Chao and Chenrui Wu and Bailing Wang},
	booktitle = {IEEE 9th Data Driven Control and Learning Systems Conference (DDCLS)},
	date-added = {2024-10-07 15:03:44 -0400},
	date-modified = {2024-10-07 15:06:28 -0400},
	pages = {1015-1020},
	title = {"Intrusion Detection based on Non-negative Positive-unlabeled Learning"},
	year = {2020}}

@inproceedings{reddy-2020,
	author = {Alle Giridhar Reddy and Pushkar Kishore and Swadhin Kumar Barisal and Durga Prasad Mohapatra.},
	booktitle = {International Conference on Internet of Things and Connected Technologies},
	date-added = {2024-10-07 14:59:47 -0400},
	date-modified = {2024-10-07 15:01:56 -0400},
	month = {July},
	pages = {8-17},
	publisher = {Springer International Publishing},
	title = {A Hybrid Positive-Unlabeled Learning Method for Malware Variants Detection},
	year = {2020}}

@inproceedings{he-2016,
	address = {Amsterdam},
	author = {Kaiming He and Xiangyu Zhang and Shaoqing Ren and Jian Sun},
	booktitle = {Proceedings},
	date-added = {2024-10-02 09:30:38 -0400},
	date-modified = {2024-10-02 09:35:43 -0400},
	month = {October},
	organization = {Computer Vision--ECCV 2016: 14th European Conference},
	pages = {630-645},
	publisher = {Springer International Publishing},
	title = {Identity mappings in deep residual networks},
	year = {2016}}

@book{kuo-2023,
	author = {Joshua M. Kuo and Ross Gibson},
	date-added = {2024-10-02 09:15:21 -0400},
	date-modified = {2024-10-02 09:16:40 -0400},
	edition = {First},
	publisher = {Infoblox},
	title = {The Hidden Potential of DNS in Security},
	year = {2023}}

@article{crowdstrike-2024,
	author = {CrowdStrike},
	date-added = {2024-10-02 08:46:10 -0400},
	date-modified = {2024-10-02 08:46:43 -0400},
	title = {CrowdStrike 2024 Global Threat Report}}

@article{elkind-2023,
	author = {David J. Elkind},
	date-added = {2024-10-01 15:59:23 -0400},
	date-modified = {2024-10-01 15:59:50 -0400},
	journal = {DNSFilter Blog},
	title = {Deep Dive: Are Top Domain Lists Useful for Machine Learning Projects in Protective DNS?},
	year = {2023}}

@article{fan-2022,
	author = {Zhaoshan Fan and Qing Wang and Haoran Jiao and Junrong Liu and Zelin Cui and Song Liu and Yuling Liu},
	date-added = {2024-10-01 08:26:05 -0400},
	date-modified = {2024-10-01 08:26:59 -0400},
	journal = {Cybersecurity},
	number = {1},
	title = {PUMD: a PU learning-based malicious domain detection framework},
	volume = {5},
	year = {2022}}

@article{zhang-2019,
	author = {Jixin Zhang and Mohammad Faham Khan and Xiaodong Lin and Zheng Qin},
	date-added = {2024-10-01 08:23:22 -0400},
	date-modified = {2024-10-01 08:24:40 -0400},
	journal = {2019 IEEE Conference on Dependable and Secure Computing (DSC)},
	pages = {1-8},
	title = {An optimized positive-unlabeled learning method for detecting a large scale of malware variants},
	year = {2019}}

@article{kiryo-2017,
	author = {Ryuichi Kiryo and Gang Niu and Marthinus C. Du Plessis and Masashi Sugiyama},
	date-added = {2024-09-30 15:56:31 -0400},
	date-modified = {2024-09-30 15:57:34 -0400},
	journal = {Advances in neural information processing systems},
	title = {Positive-unlabeled learning with non-negative risk estimator},
	volume = {30},
	year = {2017}}

@book{mlws,
	author = {Masashi Sugiyama and Han Bao and Takashi Ishida and Nan Lu and Tomoya Sakai},
	date-added = {2024-09-30 11:10:55 -0400},
	date-modified = {2024-09-30 11:12:15 -0400},
	publisher = {MIT Press},
	title = {Machine learning from weak supervision: An empirical risk minimization approach},
	year = {2022}}

@article{bekker-davis-2020,
	author = {Bekker, Jessa and Jesse Davis},
	date-added = {2024-09-30 11:00:46 -0400},
	date-modified = {2024-09-30 15:40:37 -0400},
	journal = {Machine Learning},
	number = {4},
	pages = {719-760},
	title = {Learning from positive and unlabeled data: A survey},
	volume = {109},
	year = {2020}}

@article{garg-2021,
	author = {Saurabh Garg and Yifan Wu and Alexander J. Smola and Sivaraman Balakrishnan and Zachary Lipton.},
	date-added = {2024-05-28 16:05:46 -0400},
	date-modified = {2024-05-28 16:06:51 -0400},
	journal = {Advances in Neural Information Processing Systems},
	pages = {8532-8544},
	title = {Mixture proportion estimation and PU learning: A modern approach},
	volume = {34},
	year = {2021}}

@article{anderson-2018,
	author = {H. Anderson and P. Roth},
	date-added = {2024-05-28 13:16:43 -0400},
	date-modified = {2024-05-28 13:54:23 -0400},
	journal = {ArXiv e-prints},
	title = {EMBER: An Open Dataset for Training Static PE Malware Machine Learning Models},
	year = {2018}}

@article{namgung-2021,
	author = {Juhong Namgung and Siwoon Son and Yang-Sae Moon},
	date-added = {2024-05-28 13:14:37 -0400},
	date-modified = {2024-05-28 13:54:28 -0400},
	journal = {Security and Communication Networks},
	pages = {1-15},
	title = {Efficient deep learning models for dga domain detection},
	year = {2021}}
